<record><leader>00000cas a2200000 a 4500</leader><controlfield tag="001">36011007</controlfield><controlfield tag="008">961127d19uu1925orudn ne      0    0eng c</controlfield><datafield ind1=" " ind2=" " tag="010"><subfield code="a">sn 96088291 </subfield></datafield><datafield ind1=" " ind2=" " tag="040"><subfield code="a">OCN</subfield><subfield code="b">eng</subfield><subfield code="c">OCN</subfield><subfield code="d">OCLCQ</subfield><subfield code="d">ORU</subfield><subfield code="d">OCLCQ</subfield><subfield code="d">OCLCF</subfield><subfield code="d">OCLCO</subfield></datafield><datafield ind1=" " ind2=" " tag="042"><subfield code="a">pcc</subfield></datafield><datafield ind1=" " ind2=" " tag="043"><subfield code="a">n-us-or</subfield></datafield><datafield ind1="0" ind2="0" tag="245"><subfield code="a">Albany evening herald.</subfield></datafield><datafield ind1=" " ind2=" " tag="260"><subfield code="a">Albany, Or. :</subfield><subfield code="b">C.C. Page,</subfield><subfield code="c">-1925.</subfield></datafield><datafield ind1=" " ind2=" " tag="300"><subfield code="a">v.</subfield></datafield><datafield ind1=" " ind2=" " tag="310"><subfield code="a">Daily (except Sun.)</subfield></datafield><datafield ind1="0" ind2=" " tag="362"><subfield code="a">-v. 50, no. 207 (Feb. 28, 1925).</subfield></datafield><datafield ind1=" " ind2=" " tag="500"><subfield code="a">Issues for Jan. 18, 1924-Mar. 11, 1924 called: Mail ed.</subfield></datafield><datafield ind1=" " ind2=" " tag="500"><subfield code="a">Issues for Mar. 15, 1924-Feb. 28, 1925 called: City ed.</subfield></datafield><datafield ind1=" " ind2=" " tag="530"><subfield code="a">Also issued on microfilm from University of Oregon.</subfield></datafield><datafield ind1=" " ind2=" " tag="580"><subfield code="a">Merged with: Albany democrat (Albany, Or. : 1922), to form: Albany evening herald and the Albany democrat.</subfield></datafield><datafield ind1=" " ind2=" " tag="588"><subfield code="a">Description based on: Vol. 25, no. 191 (Oct. 19, 1910).</subfield></datafield><datafield ind1=" " ind2="0" tag="651"><subfield code="a">Albany (Or.)</subfield><subfield code="v">Newspapers.</subfield></datafield><datafield ind1=" " ind2="7" tag="655"><subfield code="a">Newspapers.</subfield><subfield code="2">fast</subfield><subfield code="0">(OCoLC)fst01423814</subfield></datafield><datafield ind1=" " ind2="7" tag="651"><subfield code="a">Oregon</subfield><subfield code="z">Albany.</subfield><subfield code="2">fast</subfield><subfield code="0">(OCoLC)fst01209399</subfield></datafield><datafield ind1=" " ind2=" " tag="752"><subfield code="a">United States</subfield><subfield code="b">Oregon</subfield><subfield code="c">Linn</subfield><subfield code="d">Albany.</subfield></datafield><datafield ind1="0" ind2="0" tag="780"><subfield code="t">Morning daily herald</subfield><subfield code="w">(DLC)sn 93051618</subfield><subfield code="w">(OCoLC)29394504</subfield></datafield><datafield ind1="1" ind2="7" tag="785"><subfield code="t">Albany democrat (Albany, Or. : 1922)</subfield><subfield code="w">(DLC)sn 96088451</subfield><subfield code="w">(OCoLC)36010870</subfield></datafield><datafield ind1="1" ind2="7" tag="785"><subfield code="t">Albany evening herald and the Albany democrat</subfield><subfield code="w">(DLC)sn 96088447</subfield><subfield code="w">(OCoLC)36020182</subfield></datafield></record>